@article{liliming,
author={李利民 and 刘明辉},
title={基于机器学习算法的人脸识别鲁棒性研究},
journal={中国电子科学研究院学报},
year={2017},
volume={12},
number={2},
pages={219-224},
month={6},
}

@article{李利民,
author={李利民 and 刘明辉},
title={基于机器学习算法的人脸识别鲁棒性研究},
journal={中国电子科学研究院学报},
year={2017},
volume={12},
number={2},
pages={219-224},
month={6},
}

@article{gaohuihuang,
author={黄辉煌},
title={基于多核并行技术的高铁接触网绝缘子异常检测系统的研究与实现},
school={西安电子科技大学},
year={2017},
type={硕士论文},
month={9},
}

@article{高迎旺,
author={高迎旺},
title={马铃薯隐形损伤的生物散斑活性特征及检测研究},
school={浙江大学},
year={2017},
type={博士论文},
month={7},
}


@mastersthesis{黄辉煌,
author={黄辉煌},
title={基于多核并行技术的高铁接触网绝缘子异常检测系统的研究与实现},
school={西安电子科技大学},
year={2017},
type={硕士论文},
month={9},
}

@phdthesis{高迎旺,
author={高迎旺},
title={马铃薯隐形损伤的生物散斑活性特征及检测研究},
school={浙江大学},
year={2017},
type={博士论文},
month={7},
}

@mastersthesis{李俊,
author={李俊},
title={机器视觉照明光源关键技术研究},
school={天津理工大学},
year={2006},
type={硕士论文},
month={3},
}

@phdthesis{许欣,
author={许欣},
title={图像增强若干理论方法与应用研究},
school={南京理工大学},
year={2010},
type={博士论文},
month={10},
}

@phdthesis{李艳梅,
author={李艳梅},
title={图像增强的相关技术及应用研究},
school={电子科技大学},
year={2013},
type={博士论文},
month={6},
}

@article{陈念,
author={陈念 and 孙振国 and 陈强},
title={基于视觉图像传感的精密脉冲TIG焊焊缝跟踪},
journal={焊接学报},
year={2001},
volume={22},
number={4},
pages={17-20},
month={1},
}

@article{蔡丰,
author={蔡丰 and 张涛 and 郭章留 and 蔡能},
title={数字乳腺X线机与传统乳腺X线机的临床应用对比研究},
journal={中华放射学杂志},
year={2002},
volume={36},
number={11},
pages={981-984},
month={1},
}

@phdthesis{张远辉,
author={张远辉},
title={基于实时视觉的乒乓球机器人标定和轨迹跟踪技术研究},
school={浙江大学;浙江大学电气工程学院},
year={2009},
type={博士论文},
month={9},
}

@mastersthesis{李红阳,
author={李红阳},
title={运动图像恢复},
school={清华大学},
year={2002},
type={硕士论文},
month={4},
}

@article{马华维,
author={马华维 and 俞琴燕 and 陈浩},
title={面孔吸引力研究方法综述},
journal={心理科学},
year={2007},
volume={30},
number={4},
pages={906-908,905},
month={9},
}

@phdthesis{周荣政,
author={周荣政},
title={数码相机处理器设计及系统集成研究},
school={复旦大学},
year={2004},
type={博士论文},
month={6},
}

@mastersthesis{赵书睿,
author={赵书睿},
title={全景图像拼接关键技术研究},
school={电子科技大学},
year={2013},
type={硕士论文},
month={6},
}

@article{杨作廷,
author={杨作廷 and 阮萍 and 翟波},
title={基于图像熵的高动态范围场景的自动曝光算法},
journal={光子学报},
year={2013},
volume={42},
number={6},
pages={742-746},
month={8},
}

@article{张梦龙,
author={张梦龙 and 于凤珍 and 谢晋东 and 王昌元 and 宋少娟 and 王鹏程 and 袁聿德},
title={计算机X线摄影适宜照射线量的探讨},
journal={中华放射学杂志},
year={2004},
volume={38},
number={12},
pages={1273-1276},
month={12},
}

@article{陈钧强,
author={陈钧强 and 蒋兆强 and 周斌 and 诸强 and 刘斌 and 张幸},
title={数字化X线摄影图像后处理参数调整在建立尘肺病诊断参考片中的作用},
journal={中华劳动卫生职业病杂志},
year={2012},
volume={30},
number={1},
pages={3-7},
month={3},
}

@phdthesis{曾文静,
author={曾文静},
title={基于光视觉的无人艇水面目标检测与跟踪研究},
school={哈尔滨工程大学},
year={2013},
type={博士论文},
month={4},
}

@article{张芮,
author={张芮 and 姚明海 and 顾勤龙},
title={车辆牌照识别系统的一个新的实现方法},
journal={控制工程},
year={2003},
volume={10},
number={1},
pages={59-61},
month={1},
}

@article{郭涛涛,
author={郭涛涛 and 王达达 and 于虹 and 吴章勤 and 郭铁桥},
title={曝光量在GIS设备X射线可视化无损检测中的选择应用},
journal={核电子学与探测技术},
year={2012},
volume={32},
number={5},
pages={573-577},
month={10},
}

@mastersthesis{徐培风,
author={徐培凤},
title={基于图像处理的自动对焦和自动曝光算法研究},
school={江苏大学},
year={2005},
type={硕士论文},
month={7},
}

@article{谢伟,
author={谢伟 and 周玉钦 and 游敏},
title={融合梯度信息的改进引导滤波},
journal={中国图象图形学报},
year={2016},
volume={21},
number={9},
pages={1119-1126},
month={10},
}

@mastersthesis{叶朝阳,
author={叶朝阳},
title={大视场图像拼接：原理和应用},
school={浙江大学},
year={2004},
type={硕士论文},
month={8},
}

@mastersthesis{和文娟,
author={和文娟},
title={CMOS图像传感器的噪声分析及图像处理},
school={华中科技大学},
year={2011},
type={硕士论文},
month={4},
}
@phdthesis{刘羽,
author={刘羽},
title={像素级多源图像融合方法研究},
school={中国科学技术大学},
year={2016},
type={博士论文},
month={9},
}

@mastersthesis{杨灿,
author={杨灿},
title={基于LabVIEW的汽车行驶跑偏测试系统研究开发},
school={武汉理工大学},
year={2010},
type={硕士论文},
month={8},
}

@article{吴学成,
author={吴学成 and 王怀 and 胡倩 and 吴迎春 and 陈玲红 and 周昊 and 岑可法},
title={基于轨迹图像的煤粉颗粒速度和粒径测量},
journal={浙江大学学报（工学版）},
year={2011},
volume={45},
number={8},
pages={1458-1462},
month={1},
}

@article{王德民,
author={王德民 and 高进强 and 武传松 and 张世亮},
title={GMAW短路过渡焊接熔池的视觉检测},
journal={焊接学报},
year={2008},
volume={29},
number={10},
pages={85-88},
month={12},
}

@article{宋鼎,
author={宋鼎 and 彭黎辉 and 陆耿 and 杨士元},
title={采用去模糊图像处理的气/固两相流固体颗粒速度测量方法},
journal={仪器仪表学报},
year={2007},
volume={28},
number={11},
pages={1937-1941},
month={1},
}

@mastersthesis{曾毅,
author={曾毅},
title={激光散斑测量应用研究},
school={重庆大学},
year={2005},
type={硕士论文},
month={8},
}

@mastersthesis{彭祖胜,
author={彭祖胜},
title={交通标志和信号灯实时检测与识别技术研究},
school={重庆大学},
year={2012},
type={硕士论文},
month={11},
}

@phdthesis{刘和祥,
author={刘和祥},
title={面向AUV回收控制的水下机器视觉研究},
school={哈尔滨工程大学},
year={2009},
type={博士论文},
month={9},
}

@article{金洪震,
author={金洪震 and 楼益民 and 王辉 and 马利红},
title={基于集成照相术制作虚拟三维物体彩色全息图的新方法},
journal={中国激光},
year={2010},
volume={37},
number={5},
pages={1304-1309},
month={5},
}

@article{何舒文,
author={何舒文 and 王延杰 and 孙宏海 and 张雷 and 吴培},
title={高动态科学级CMOS相机系统的设计},
journal={液晶与显示},
year={2015},
volume={30},
number={4},
pages={729-735},
month={9},
}

@article{陈汉忠,
author={陈汉忠 and 徐向东},
title={CR与DR在下肢全长摄影中的应用比较},
journal={放射学实践},
year={2009},
volume={24},
number={2},
pages={209-211},
month={4},
}

@article{王燕,
author={王燕 and 曹银杰 and 郎丰法 and 黄慧 and 于朋朋},
title={基于Emgu CV的数字相机图像采集},
journal={电子科技},
year={2012},
volume={25},
number={4},
pages={31-32},
month={7},
}

@phdthesis{杨文波,
author={杨文波},
title={航空图像超分辨率重构技术研究},
school={中国科学院大学},
year={2014},
type={博士论文},
month={11},
}

@article{俞晓磊,
author={俞晓磊 and 赵志敏 and 郭林峰},
title={激光散斑干涉条纹的CCD分析技术研究},
journal={应用激光},
year={2007},
volume={27},
number={5},
pages={378-381},
month={1},
}

@article{周望,
author={周望},
title={基于数字微镜器件技术提高面阵CCD相机动态范围的研究},
journal={光学学报},
year={2009},
volume={29},
number={3},
pages={638-642},
month={6},
}

@article{都琳,
author={都琳 and 孙华燕 and 王帅 and 高宇轩 and 齐莹莹},
title={针对动态目标的高动态范围图像融合算法研究},
journal={光学学报},
year={2017},
volume={37},
number={4},
pages={101-109},
month={9},
}

@article{付中梁,
author={付中梁 and 冯华君 and 徐之海 and 李奇 and 毛成军},
title={基于快速CCD位移探测的运动模糊图像的恢复},
journal={光电工程},
year={2009},
volume={36},
number={3},
pages={69-73},
month={5},
}

@phdthesis{曾涛,
author={曾涛},
title={汶川地震重灾区多源影像处理及震害信息提取方法研究},
school={成都理工大学},
year={2010},
type={博士论文},
month={4},
}

@phdthesis{魏伟一,
author={魏伟一},
title={非均匀光照图像的灰度校正与分割技术研究},
school={兰州理工大学},
year={2011},
type={博士论文},
month={8},
}

@mastersthesis{张晶晶,
author={张晶晶},
title={基于单帧单曝光图像法的多相流速度场和粒度分布测量研究},
school={上海理工大学},
year={2011},
type={硕士论文},
month={12},
}


@mastersthesis{马明,
author={马明},
title={运动模糊图像的判定与恢复},
school={大连理工大学},
year={2006},
type={硕士论文},
month={5},
}

@mastersthesis{赵有金,
author={赵有金},
title={基于FPGA的高分辨率全景图像处理平台的设计与实现},
school={哈尔滨工程大学},
year={2009},
type={硕士论文},
month={9},
}

@mastersthesis{丁长兴,
author={丁长兴},
title={拱架式贴片机视觉系统的研究},
school={哈尔滨工业大学},
year={2011},
type={硕士论文},
month={3},
}

@mastersthesis{彭平良,
author={彭平良},
title={基于FPGA的嵌入式图像采集卡的研究},
school={大连理工大学},
year={2007},
type={硕士论文},
month={8},
}

@article{高凯,
author={高凯 and 孙立军 and 邓振生 and 牟轩沁 and 余厚军 and 张学昕},
title={X线图像质量与造影剂浓度和放射剂量相关性研究},
journal={实用放射学杂志},
year={2005},
volume={21},
number={1},
pages={1-4},
month={3},
}

@article{丁玉虎,
author={丁玉虎},
title={直接数字X线摄影的应用价值},
journal={实用放射学杂志},
year={2007},
volume={23},
number={4},
pages={567-568},
month={7},
}

@article{谢晋东,
author={谢晋东 and 魏世栋 and 袁聿德 and 王健 and 张梦龙},
title={计算机X线摄影系统总特性曲线测试的探讨},
journal={中华放射学杂志},
year={2002},
volume={36},
number={5},
pages={395-396},
month={1},
}

@mastersthesis{吴振锋,
author={吴振锋},
title={基于FPGA的Camera Link相机图像采集及处理技术研究},
school={哈尔滨工业大学},
year={2013},
type={硕士论文},
month={3},
}

@article{于红,
author={于红 and 李惠民 and 肖湘生 and 李成洲 and 刘士远 and 陶晓峰 and 张沉石 and 金莉卿},
title={多层CT仿真支气管镜成像参数的优化},
journal={中华放射学杂志},
year={2003},
volume={37},
number={6},
pages={560-565},
month={1},
}

@article{付中梁,
author={付中梁 and 冯华君 and 徐之海 and 李奇 and 陈跃庭},
title={二维任意运动形式模糊图像的恢复},
journal={光学学报},
year={2010},
volume={30},
number={2},
pages={369-372},
month={4},
}

@article{焦继超,
author={焦继超 and 赵保军 and 唐林波 and 孙家敬},
title={基于光照和帧间预测的空间图像曝光控制算法},
journal={光学学报},
year={2010},
volume={30},
number={2},
pages={382-387},
month={4},
}

@phdthesis{巢渊,
author={巢渊},
title={基于机器视觉的半导体芯片表面缺陷在线检测关键技术研究},
school={东南大学},
year={2017},
type={博士论文},
month={7},
}

@phdthesis{谷明琴,
author={谷明琴},
title={复杂环境中交通标识识别与状态跟踪估计算法研究},
school={中南大学},
year={2013},
type={博士论文},
month={2},
}

@mastersthesis{叶苏茹,
author={叶苏茹},
title={基于机器视觉的热态重轨表面缺陷检测关键技术研究},
school={重庆大学},
year={2008},
type={硕士论文},
month={7},
}

@mastersthesis{龚泠方,
author={龚泠方},
title={基于SIFT特征匹配的图像拼接技术研究},
school={云南大学},
year={2012},
type={硕士论文},
month={11},
}

@article{谢晋东,
author={谢晋东 and 王宗成 and 王昌元 and 袁聿德 and 王健 and 张梦龙},
title={计算机X线摄影系统中总威纳频谱测试的探讨},
journal={中华放射学杂志},
year={2002},
volume={36},
number={5},
pages={391-394},
month={1},
}

@article{贾志科,
author={贾志科 and 崔慧娟 and 唐昆},
title={彩色数字照相机的设计},
journal={电视技术},
year={2000},
number={11},
pages={15-17},
month={1},
}

@article{朱良销,
author={朱良销 and 余学才 and 陈涛 and 苏柯 and 王世阳},
title={一种扩展动态范围的图像处理算法},
journal={传感技术学报},
year={2011},
volume={24},
number={1},
pages={65-67},
month={5},
}

@mastersthesis{马俊婷,
author={马俊婷},
title={科学级CCD数码相机的研究与开发},
school={中北大学;华北工学院},
year={2001},
type={硕士论文},
month={4},
}

@phdthesis{朱云芳,
author={朱云芳},
title={基于图像拼接的视频编辑},
school={浙江大学},
year={2006},
type={博士论文},
month={10},
}
